<record><leader>00000cas a2200000 a 4500</leader><controlfield tag="001">8810116</controlfield><controlfield tag="008">820927d18511855inudn ne      0    0eng  </controlfield><datafield ind1=" " ind2=" " tag="010"><subfield code="a">sn 82015747 </subfield></datafield><datafield ind1=" " ind2=" " tag="040"><subfield code="a">DLC</subfield><subfield code="b">eng</subfield><subfield code="c">DLC</subfield><subfield code="d">NPX</subfield><subfield code="d">NPU</subfield><subfield code="d">NPI</subfield><subfield code="d">DLC</subfield><subfield code="d">NVF</subfield><subfield code="d">DLC</subfield><subfield code="d">OCLCQ</subfield><subfield code="d">OCLCO</subfield><subfield code="d">OCLCQ</subfield><subfield code="d">DLC</subfield><subfield code="d">OCLCF</subfield><subfield code="d">IUL</subfield><subfield code="d">OCL</subfield></datafield><datafield ind1=" " ind2=" " tag="042"><subfield code="a">pcc</subfield></datafield><datafield ind1=" " ind2=" " tag="043"><subfield code="a">n-us-in</subfield></datafield><datafield ind1="0" ind2="0" tag="050"><subfield code="a">Newspaper 7726</subfield></datafield><datafield ind1="0" ind2=" " tag="130"><subfield code="a">Daily Indiana State sentinel (Indianapolis, Ind. : 1851)</subfield></datafield><datafield ind1="1" ind2="0" tag="245"><subfield code="a">Daily Indiana State sentinel.</subfield></datafield><datafield ind1=" " ind2=" " tag="260"><subfield code="a">Indianapolis [Ind.] :</subfield><subfield code="b">Austin H. Brown,</subfield><subfield code="c">-1855.</subfield></datafield><datafield ind1=" " ind2=" " tag="300"><subfield code="a">v. ;</subfield><subfield code="c">60-62 cm.</subfield></datafield><datafield ind1=" " ind2=" " tag="310"><subfield code="a">Daily (except Sunday)</subfield></datafield><datafield ind1="1" ind2=" " tag="362"><subfield code="a">Began Apr. 28, 1851.</subfield></datafield><datafield ind1="0" ind2=" " tag="362"><subfield code="a">-v. 4, no. 149 (Feb. 28, 1855).</subfield></datafield><datafield ind1=" " ind2=" " tag="580"><subfield code="a">Weekly eds.: Indiana State sentinel (Indianapolis, Ind. : 1841), 1851-1853, and: Weekly Indiana State sentinel, 1853-1855.</subfield></datafield><datafield ind1=" " ind2=" " tag="588"><subfield code="a">Description based on: Vol. 1, no. 58 (July 3, 1851).</subfield></datafield><datafield ind1=" " ind2="0" tag="651"><subfield code="a">Indianapolis (Ind.)</subfield><subfield code="v">Newspapers.</subfield></datafield><datafield ind1=" " ind2="0" tag="651"><subfield code="a">Marion County (Ind.)</subfield><subfield code="v">Newspapers.</subfield></datafield><datafield ind1=" " ind2="7" tag="651"><subfield code="a">Indiana</subfield><subfield code="z">Marion County.</subfield><subfield code="2">fast</subfield><subfield code="0">(OCoLC)fst01213920</subfield></datafield><datafield ind1=" " ind2="7" tag="651"><subfield code="a">Indiana</subfield><subfield code="z">Indianapolis.</subfield><subfield code="2">fast</subfield><subfield code="0">(OCoLC)fst01205182</subfield></datafield><datafield ind1=" " ind2="7" tag="655"><subfield code="a">Newspapers.</subfield><subfield code="2">fast</subfield><subfield code="0">(OCoLC)fst01423814</subfield></datafield><datafield ind1=" " ind2=" " tag="752"><subfield code="a">United States</subfield><subfield code="b">Indiana</subfield><subfield code="c">Marion</subfield><subfield code="d">Indianapolis.</subfield></datafield><datafield ind1="1" ind2=" " tag="775"><subfield code="t">Indiana State sentinel (Indianapolis, Ind. : 1841)</subfield><subfield code="x">2332-094X</subfield><subfield code="w">(DLC)sn 82015677</subfield><subfield code="w">(OCoLC)8811173</subfield></datafield><datafield ind1="1" ind2=" " tag="775"><subfield code="t">Weekly Indiana State sentinel</subfield><subfield code="x">2334-5691</subfield><subfield code="w">(DLC)sn 82014286</subfield><subfield code="w">(OCoLC)8769916</subfield></datafield><datafield ind1="0" ind2="0" tag="780"><subfield code="t">Indiana State sentinel (Indianapolis, Ind. : Semiweekly)</subfield><subfield code="x">2332-0842</subfield><subfield code="w">(DLC)sn 82014301</subfield><subfield code="w">(OCoLC)8769856</subfield></datafield><datafield ind1="0" ind2="0" tag="785"><subfield code="t">Indianapolis daily State sentinel</subfield><subfield code="w">(DLC)sn 82014102</subfield><subfield code="w">(OCoLC)8772706</subfield></datafield><datafield ind1="1" ind2=" " tag="029"><subfield code="a">AU@</subfield><subfield code="b">000020263523</subfield></datafield></record>